
@book{ordinary-differential-equations,
	title={Ordinary Differential Equations},
	author={Tenenbaum, Morris and Pollard, Harry},
	publisher={Dover Publications},
	year={1985},
	edition={1},
	isbn={978-0-496-64940-5}
}
